@misc{fretsonfire-2006,
  author = {S. Kyöstilä, T. Inkilä and J. Kerttula},
  title = {{Frets On Fire}},
  howpublished = "\url{http://fretsonfire.sourceforge.net/}",
  year = {2006}, 
  note = "[Online; accessed 31-August-2016]"
}

@misc{fofix-2006,
	author = {FoFiX},
    title = {{Frets on Fire X: a fork of Frets on Fire with many added features and capabilities}},
    howpublished = "\url{https://github.com/fofix/fofix}",
    year = {2006},
    note = "[Online; accessed 31-August-2016]"
}

@misc{arduino-2005,
	author = {M. Banzi, D. Mellis and D. Cuartielles},
    title = {{Arduino, an open-source prototyping platform based on easy-to-use hardware and software}},
	howpublished = "\url{https://www.arduino.cc/}",
    year = {2005},
    note = "[Online; accessed 31-August-2016]"
}

@misc{arduino-ide-2008,
	author = {Arduino},
    title = {{Arduino Software}},
	howpublished = "\url{https://www.arduino.cc/en/Main/Software}",
    year = {2008},
    note = "[Online; accessed 31-August-2016]"
}