@misc{sanusb-mplabx:11,
  author = {Grupo SanUSB},
  title = {{Aplicações Práticas de Eletrônica e Microcontroladores em Sistemas Computacionais}},
  howpublished = "\url{https://www.dropbox.com/s/0e8r2sh94x9enof/2%20-%20Apostila_MPLABX.pdf?dl=0}",
  year = {2011}, 
  note = "[Online; accessed 27-July-2016]"
}

@misc{microchip-pic18f4550,
	author = {Microchip},
    title = {{PIC18F2455/2550/4455/4550 Data Sheet}},
    howpublished = "\url{http://ww1.microchip.com/downloads/en/devicedoc/39632c.pdf}",
    year = {2006},
    note = "[Online; accessed 24-August-2016]"
}

@misc{mplabx-ide,
	author = {Microship},
    title = {{MPLAB X Integrated Development Environment (IDE)}},
	howpublished = "\url{http://www.microchip.com/mplab/mplab-x-ide}",
    year = {2016},
    note = "[Online; accessed 24-August-2016]"
}

@misc{gravador-sanusb,
	author = {Grupo SanUSB},
    title = {{Gravador da plataforma SanUSB}},
	howpublished = "\url{https://github.com/SanUSB-grupo/Gravador-Linux}",
    year = {2016},
    note = "[Online; accessed 24-August-2016]"
}