@misc{sanusb-mplabx:11,
  author = {Grupo SanUSB},
  title = {{Aplicações Práticas de Eletrônica e Microcontroladores em Sistemas Computacionais}},
  howpublished = "\url{https://www.dropbox.com/s/0e8r2sh94x9enof/2%20-%20Apostila_MPLABX.pdf?dl=0}",
  year = {2011}, 
  note = "[Online; accessed 27-July-2016]"
}
