@misc{fretsonfire-2006,
  author = {S. Kyöstilä, T. Inkilä and J. Kerttula},
  title = {{Frets On Fire}},
  howpublished = "\url{http://fretsonfire.sourceforge.net/}",
  year = {2006}, 
  note = "[Online; accessed 31-August-2016]"
}

@misc{fofix-2006,
	author = {FoFiX},
    title = {{Frets on Fire X: a fork of Frets on Fire with many added features and capabilities}},
    howpublished = "\url{https://github.com/fofix/fofix}",
    year = {2006},
    note = "[Online; accessed 31-August-2016]"
}

@misc{arduino-2005,
	author = {M. Banzi, D. Mellis and D. Cuartielles},
    title = {{Arduino, an open-source prototyping platform based on easy-to-use hardware and software}},
	howpublished = "\url{https://www.arduino.cc/}",
    year = {2005},
    note = "[Online; accessed 31-August-2016]"
}

@misc{arduino-ide-2008,
	author = {Arduino},
    title = {{Arduino Software}},
	howpublished = "\url{https://www.arduino.cc/en/Main/Software}",
    year = {2008},
    note = "[Online; accessed 31-August-2016]"
}

@misc{crockford-2015,
	author = {Douglas Crockford},
    title = {{JSON}},
	howpublished = "\url{https://github.com/douglascrockford/JSON-js/blob/master/README}",
    year = {2015},
    note = "[Online; accessed 13-September-2016]"
}

@misc{postscapes-iot-2016,
	author = {Postscapes},
    title = {{IoT Cloud Platform Landscape}},
	howpublished = "\url{http://www.postscapes.com/internet-of-things-platforms/}",
    year = {2016},
    note = "[Online; accessed 13-September-2016]"
}

@misc{kaa-2014,
	author = {Kaa},
    title = {{Dev center - Complete application}},
	howpublished = "\url{http://www.kaaproject.org/platform/#complete-application}",
    year = {2014},
    note = "[Online; accessed 13-September-2016]"
}

@misc{macchina.io-2016,
	author = {Macchina.io},
    title = {{Bundles Overview}},
	howpublished = "\url{http://macchina.io/docs/00200-OSPBundles.html}",
    year = {2016},
    note = "[Online; accessed 13-September-2016]"
}

@misc{thingspeak-2016,
	author = {ThingSpeak},
    title = {{Apps}},
	howpublished = "\url{https://thingspeak.com/apps}",
    year = {2016},
    note = "[Online; accessed 13-September-2016]"
}

@misc{laravel-packages-2016,
	author = {Laravel},
    title = {{Package Development}},
	howpublished = "\url{https://laravel.com/docs/5.2/packages}",
    year = {2016},
    note = "[Online; accessed 13-September-2016]"
}

@misc{jwt-2016,
	author = {JWT},
    title = {{Introduction to JSON Web Tokens}},
	howpublished = "\url{https://jwt.io/introduction/}",
    year = {2016},
    note = "[Online; accessed 13-September-2016]"
}

@misc{rfc7519-2015,
	author = {Michael B. Jones, John Bradley and Nat Sakimura},
    title = {{JSON Web Token (JWT)}},
	howpublished = "\url{https://tools.ietf.org/html/rfc7519}",
    year = {2015},
    note = "[Online; accessed 13-September-2016]"
}

@misc{rfc2104-1997,
	author = {Hugo Krawczyk, Mihir Bellare and Ran Canetti},
    title = {{HMAC: Keyed-Hashing for Message Authentication}},
	howpublished = "\url{https://tools.ietf.org/html/rfc2104}",
    year = {1997},
    note = "[Online; accessed 13-September-2016]"
}

@misc{rfc3447-2003,
	author = {Jakob Jonsson and Burt Kaliski},
    title = {{Public-Key Cryptography Standards (PKCS) #1: RSA Cryptography Specifications Version 2.1}},
	howpublished = "\url{https://tools.ietf.org/html/rfc3447}",
    year = {2003},
    note = "[Online; accessed 13-September-2016]"
}

@misc{raspberry-pi-blog:2016,
	author = {Eben Upton},
    title = {{Ten millionth Raspberry Pi, and a new kit}},
	howpublished = "\url{https://www.raspberrypi.org/blog/ten-millionth-raspberry-pi-new-kit/}",
    year = {2016},
    note = "[Online; accessed 17-September-2016]"
}

@misc{rfc4122:2005,
	author = {Paul J. Leach, Michael Mealling and Rich Salz},
    title = {{A Universally Unique IDentifier (UUID) URN Namespace}},
	howpublished = "\url{https://tools.ietf.org/html/rfc4122}",
    year = {2005},
    note = "[Online; accessed 17-September-2016]"
}

@misc{lm35:2016,
	author = {Texas Instruments},
    title = {{LM35 Precision Centigrade Temperature Sensors}},
	howpublished = "\url{http://www.ti.com/lit/ds/symlink/lm35.pdf}",
    year = {2016},
    note = "[Online; accessed 20-September-2016]"
}

@misc{hughes-croucher:2012,
	author = {Tom Hughes-Croucher and  Mike Wilson},
    title = {{Node: Up and Running}},
	howpublished = "\url{http://chimera.labs.oreilly.com/books/1234000001808/index.html}",
    year = {2012},
    note = "[Online; accessed 21-September-2016]"
}

@misc{johnny-five:2012,
	author = {Rick Waldron},
    title = {{Johnny-Five: the JavaScript Robotics & IoT Platform}},
	howpublished = "\url{http://johnny-five.io/}",
    year = {2012},
    note = "[Online; accessed 21-September-2016]"
}

@misc{request:2016,
	author = {Request},
    title = {{Simplified HTTP client}},
	howpublished = "\url{https://github.com/request/request}",
    year = {2016},
    note = "[Online; accessed 21-September-2016]"
}
